<record><leader>00000cas a22000007a 4500</leader><controlfield tag="001">11632650</controlfield><controlfield tag="008">850129d18941896iaudn ne      0    0eng d</controlfield><datafield ind1=" " ind2=" " tag="010"><subfield code="a">sn 85049505 </subfield></datafield><datafield ind1=" " ind2=" " tag="040"><subfield code="a">INP</subfield><subfield code="b">eng</subfield><subfield code="c">INP</subfield><subfield code="d">OCLCQ</subfield></datafield><datafield ind1=" " ind2=" " tag="042"><subfield code="a">msc</subfield></datafield><datafield ind1="0" ind2=" " tag="130"><subfield code="a">Daily state press (Iowa City, Iowa)</subfield></datafield><datafield ind1="1" ind2="0" tag="245"><subfield code="a">Daily state press.</subfield></datafield><datafield ind1="1" ind2="7" tag="246"><subfield code="a">Iowa City daily state press</subfield></datafield><datafield ind1=" " ind2=" " tag="260"><subfield code="a">Iowa City, Iowa :</subfield><subfield code="b">State Press Pub. Co.,</subfield><subfield code="c">1894-</subfield></datafield><datafield ind1=" " ind2=" " tag="300"><subfield code="a">v. ;</subfield><subfield code="c">60 cm.</subfield></datafield><datafield ind1=" " ind2=" " tag="310"><subfield code="a">Daily (except Sun.)</subfield></datafield><datafield ind1="0" ind2=" " tag="362"><subfield code="a">Vol. 1, no. 1 (Sept. 23, 1894)-</subfield></datafield><datafield ind1="1" ind2=" " tag="362"><subfield code="a">Ceased in Aug. 1896?</subfield><subfield code="z">Cf. Bibl. of Iowa newspapers.</subfield></datafield><datafield ind1=" " ind2=" " tag="752"><subfield code="a">United States</subfield><subfield code="b">Iowa</subfield><subfield code="c">Johnson</subfield><subfield code="d">Iowa City.</subfield></datafield><datafield ind1="0" ind2=" " tag="775"><subfield code="t">Iowa state press (1871 : Weekly)</subfield><subfield code="w">(DLC)sn 84027168</subfield></datafield><datafield ind1="0" ind2="0" tag="785"><subfield code="t">Iowa state press (1896 : Daily)</subfield><subfield code="w">(DLC)sn 85049507</subfield></datafield></record>